%% This BibTeX bibliography file was created using BibDesk.
%% https://bibdesk.sourceforge.io/

%% Created for Egor Kuzmichev at 2020-04-23 18:50:16 +0300 


%% Saved with string encoding Unicode (UTF-8) 


@comment{x-kbibtex-encoding=utf-8}



@book{watson,
	Author = {Joel Watson},
	Date-Added = {2020-04-23 18:50:02 +0300},
	Date-Modified = {2020-04-23 18:50:12 +0300},
	Edition = {Third Edition},
	Isbn = {0393918386,9780393918380},
	Publisher = {W. W. Norton & Company},
	Title = {Strategy: An Introduction to Game Theory},
	Url = {http://gen.lib.rus.ec/book/index.php?md5=0e7d31ab677b98c4b5e05e72f1acdf87},
	Year = {2013},
	Bdsk-Url-1 = {http://gen.lib.rus.ec/book/index.php?md5=0e7d31ab677b98c4b5e05e72f1acdf87}}

@electronic{path_to_equilibrium,
	Author = {Isabelle Brocas and Juan D. Carrillo and Ashish Sachdeva},
	Date-Added = {2020-04-23 18:43:51 +0300},
	Date-Modified = {2020-04-23 18:46:04 +0300},
	Title = {The Path to Equilibrium in Sequential and Simultaneous Games},
	Url = {http://web.archive.org/web/20170628110047/http://www-bcf.usc.edu/~brocas/Research/simseq.pdf},
	Year = {2016}}

@article{knight,
	Abstract = {Arguments for social interference developed by Pigou and Graham illustrate common misinterpretations of the meaning of cost and its variation with output, 582.--I. The private owner of a natural opportunity secures maximum return from it by charging that rent which halts the application of investment at the point which is socially most advantageous, 584.--II. The notion of decreasing cost is a fallacy; competitive price fixation under decreasing cost or increasing returns an impossible situation, 592.--III. The law of comparative advantage in international trade is fundamentally sound, 599.--Importation a method of using resources to produce the imported good, and will be employed under competitive conditions only when more efficient than a direct method, 603.--The competitive system has important defects, but they lie outside the mechanical theory of exchange relations, 605.},
	Author = {F. H. Knight},
	Date-Added = {2020-04-22 16:03:45 +0300},
	Date-Modified = {2020-04-22 16:03:56 +0300},
	Issn = {00335533, 15314650},
	Journal = {The Quarterly Journal of Economics},
	Number = {4},
	Pages = {582--606},
	Publisher = {Oxford University Press},
	Title = {Some Fallacies in the Interpretation of Social Cost},
	Url = {http://www.jstor.org/stable/1884592},
	Volume = {38},
	Year = {1924},
	Bdsk-Url-1 = {http://www.jstor.org/stable/1884592}}

@article{wardrop,
	Author = {WARDROP, J G},
	Date-Added = {2020-04-21 14:26:24 +0300},
	Date-Modified = {2020-04-21 14:45:31 +0300},
	Doi = {10.1680/ipeds.1952.11259},
	Eprint = {https://doi.org/10.1680/ipeds.1952.11259},
	Journal = {Proceedings of the Institution of Civil Engineers},
	Number = {3},
	Pages = {325-362},
	Title = {ROAD PAPER. SOME THEORETICAL ASPECTS OF ROAD TRAFFIC RESEARCH.},
	Url = {https://doi.org/10.1680/ipeds.1952.11259},
	Volume = {1},
	Year = {1952},
	Bdsk-Url-1 = {https://doi.org/10.1680/ipeds.1952.11259}}

@book{book:2129964,
	Author = {Н. Х. Розов},
	Date-Added = {2020-04-20 23:06:56 +0300},
	Date-Modified = {2020-04-21 10:47:27 +0300},
	Isbn = {5703600537,9785703600535},
	Publisher = {Фазис},
	Title = {Явление чрезвычайное. Книга о Колмогорове},
	Url = {http://gen.lib.rus.ec/book/index.php?md5=82fa7d87182c963035c49d70b6c092f9},
	Year = {1999},
	Bdsk-Url-1 = {http://gen.lib.rus.ec/book/index.php?md5=82fa7d87182c963035c49d70b6c092f9}}

@book{book:1908310,
	Author = {А.П. Буслаев},
	Date-Added = {2020-04-20 23:04:58 +0300},
	Date-Modified = {2020-04-20 23:05:04 +0300},
	Title = {Вероятностные и имитационные подходы к оптимизации автодорожного движения},
	Url = {http://gen.lib.rus.ec/book/index.php?md5=701182ab3ce6ecbcd91e3dec424e7e51},
	Bdsk-Url-1 = {http://gen.lib.rus.ec/book/index.php?md5=701182ab3ce6ecbcd91e3dec424e7e51}}

@book{book:927,
	Author = {Дж. фон Нейман},
	Date-Added = {2020-04-20 19:33:31 +0300},
	Date-Modified = {2020-04-20 19:33:44 +0300},
	Publisher = {Мир},
	Title = {Теория самовоспроизводящихся автоматов},
	Url = {http://gen.lib.rus.ec/book/index.php?md5=b95181db483a878ec94a70a0eb52db29},
	Year = {1971},
	Bdsk-Url-1 = {http://gen.lib.rus.ec/book/index.php?md5=b95181db483a878ec94a70a0eb52db29}}

@book{book:1184832,
	Author = {Daganzo, Carlos F.},
	Date-Added = {2020-04-20 19:29:01 +0300},
	Date-Modified = {2020-04-20 19:29:01 +0300},
	Isbn = {978-0-511-60216-0,978-0-521-87480-9,978-0-08-042785-0},
	Publisher = {Emerald, Inc.},
	Title = {Fundamentals of Transportation and Traffic Operations},
	Url = {http://gen.lib.rus.ec/book/index.php?md5=91bc5b39939db717813d3acc644da2e7},
	Year = {2008},
	Bdsk-Url-1 = {http://gen.lib.rus.ec/book/index.php?md5=91bc5b39939db717813d3acc644da2e7},
	Bdsk-File-1 = {YnBsaXN0MDDSAQIDBFxyZWxhdGl2ZVBhdGhZYWxpYXNEYXRhXxBqLi4vTElUL0RhZ2Fuem8sIENhcmxvcyBGLiAtIEZ1bmRhbWVudGFscyBvZiBUcmFuc3BvcnRhdGlvbiBhbmQgVHJhZmZpYyBPcGVyYXRpb25zLUVtZXJhbGQsIEluYy4gKDIwMDgpLnBkZk8RAoQAAAAAAoQAAgAAA01hYwAAAAAAAAAAAAAAAAAAAAAAAAAAAAAAAAAAAABCRAAB/////x9EYWdhbnpvLCBDYXJsb3MgRi4jRkZGRkZGRkYucGRmAAAAAAAAAAAAAAAAAAAAAAAAAAAAAAAAAAAAAAAAAAD/////AAAAAAAAAAAAAAAAAAEAAgAACiBjdQAAAAAAAAAAAAAAAAADTElUAAACAHsvOlVzZXJzOmVnb3I6dGhlc2lzOkxJVDpEYWdhbnpvLCBDYXJsb3MgRi4gLSBGdW5kYW1lbnRhbHMgb2YgVHJhbnNwb3J0YXRpb24gYW5kIFRyYWZmaWMgT3BlcmF0aW9ucy1FbWVyYWxkLCBJbmMuICgyMDA4KS5wZGYAAA4AyABjAEQAYQBnAGEAbgB6AG8ALAAgAEMAYQByAGwAbwBzACAARgAuACAALQAgAEYAdQBuAGQAYQBtAGUAbgB0AGEAbABzACAAbwBmACAAVAByAGEAbgBzAHAAbwByAHQAYQB0AGkAbwBuACAAYQBuAGQAIABUAHIAYQBmAGYAaQBjACAATwBwAGUAcgBhAHQAaQBvAG4AcwAtAEUAbQBlAHIAYQBsAGQALAAgAEkAbgBjAC4AIAAoADIAMAAwADgAKQAuAHAAZABmAA8ACAADAE0AYQBjABIAeVVzZXJzL2Vnb3IvdGhlc2lzL0xJVC9EYWdhbnpvLCBDYXJsb3MgRi4gLSBGdW5kYW1lbnRhbHMgb2YgVHJhbnNwb3J0YXRpb24gYW5kIFRyYWZmaWMgT3BlcmF0aW9ucy1FbWVyYWxkLCBJbmMuICgyMDA4KS5wZGYAABMAAS8AABUAAgAL//8AAAAIAA0AGgAkAJEAAAAAAAACAQAAAAAAAAAFAAAAAAAAAAAAAAAAAAADGQ==}}

@booklet{matmod_shvetsov,
	Author = {В.И. Швецов},
	Date-Added = {2020-04-20 19:05:50 +0300},
	Date-Modified = {2020-04-20 19:23:37 +0300},
	Publisher = {Институт системного анализа РАН, Москва},
	Title = {Математическое моделирование транспортных потоков},
	Url = {http://gen.lib.rus.ec/book/index.php?md5=2e838173b10123578462bc61740d8183},
	Year = {2003},
	Bdsk-File-1 = {YnBsaXN0MDDSAQIDBFxyZWxhdGl2ZVBhdGhZYWxpYXNEYXRhbxBKAC4ALgAvAEwASQBUAC8EKAQyBDUERgQ+BDIAIAQSAC4EGAAuACAALQAgBBwEMARCBDUEPAQwBEIEOARHBDUEQQQ6BD4ENQAgBDwEPgQ0BDUEOwQ4BEAEPgQyBDAEPQQ4BDUAIARCBEAEMAQ9BEEEPwQ+BEAEQgQ9BEsERQAgBD8EPgRCBD4EOgQ+BDIALgBwAGQAZk8RAnAAAAAAAnAAAgAAA01hYwAAAAAAAAAAAAAAAAAAAAAAAAAAAAAAAAAAAABCRAAB/////xA/Pz8jRkZGRkZGRkYucGRmAAAAAAAAAAAAAAAAAAAAAAAAAAAAAAAAAAAAAAAAAAAAAAAAAAAAAAAAAAAAAAD/////AAAAAAAAAAAAAAAAAAEAAgAACiBjdQAAAAAAAAAAAAAAAAADTElUAAACAJEvOlVzZXJzOmVnb3I6dGhlc2lzOkxJVDrQqNCy0LXRhtC+0LIg0JIu0JguIC0g0JzQsNGC0LXQvNCw0YLQuNGH0LXRgdC60L7QtSDQvNC+0LTQtdC70LjRgNC+0LLQsNC90LjQtSDRgtGA0LDQvdGB0L/QvtGA0YLQvdGL0YUg0L/QvtGC0L7QutC+0LIucGRmAAAOAIgAQwQoBDIENQRGBD4EMgAgBBIALgQYAC4AIAAtACAEHAQwBEIENQQ8BDAEQgQ4BEcENQRBBDoEPgQ1ACAEPAQ+BDQENQQ7BDgEQAQ+BDIEMAQ9BDgENQAgBEIEQAQwBD0EQQQ/BD4EQARCBD0ESwRFACAEPwQ+BEIEPgQ6BD4EMgAuAHAAZABmAA8ACAADAE0AYQBjABIAj1VzZXJzL2Vnb3IvdGhlc2lzL0xJVC/QqNCy0LXRhtC+0LIg0JIu0JguIC0g0JzQsNGC0LXQvNCw0YLQuNGH0LXRgdC60L7QtSDQvNC+0LTQtdC70LjRgNC+0LLQsNC90LjQtSDRgtGA0LDQvdGB0L/QvtGA0YLQvdGL0YUg0L/QvtGC0L7QutC+0LIucGRmAAATAAEvAAAVAAIAC///AAAACAANABoAJAC7AAAAAAAAAgEAAAAAAAAABQAAAAAAAAAAAAAAAAAAAy8=},
	Bdsk-Url-1 = {http://gen.lib.rus.ec/book/index.php?md5=2e838173b10123578462bc61740d8183}}

@book{lukanin,
	Author = {В.Н. Луканин and А.П. Буслаев and Ю.В. Трофименко and М.В. Яшина},
	Date-Added = {2020-04-20 18:47:46 +0300},
	Date-Modified = {2020-04-20 19:25:10 +0300},
	Publisher = {ИНФРА-М},
	Title = {Автотранспортные потоки и окружающая среда},
	Url = {http://gen.lib.rus.ec/book/index.php?md5=c8600a9774583250a5730028e60c615e},
	Year = {1998},
	Bdsk-File-1 = {YnBsaXN0MDDSAQIDBFxyZWxhdGl2ZVBhdGhZYWxpYXNEYXRhbxBwAC4ALgAvAEwASQBUAC8EGwRDBDoEMAQ9BDgEPQAgBBIALgQdAC4ALAAgBBEEQwRBBDsEMAQ1BDIAIAQQAC4EHwAuACwAIAQiBEAEPgREBDgEPAQ1BD0EOgQ+ACAELgAuBBIALgAsACAELwRIBDgEPQQwACAEHAAuBBIALgAgAC0AIAQQBDIEQgQ+BEIEQAQwBD0EQQQ/BD4EQARCBD0ESwQ1ACAEPwQ+BEIEPgQ6BDgAIAQ4ACAEPgQ6BEAEQwQ2BDAETgRJBDAETwAgBEEEQAQ1BDQEMAAuAGQAagB2AHVPEQMwAAAAAAMwAAIAAANNYWMAAAAAAAAAAAAAAAAAAAAAAAAAAAAAAAAAAAAAQkQAAf////8RPz8/I0ZGRkZGRkZGLmRqdnUAAAAAAAAAAAAAAAAAAAAAAAAAAAAAAAAAAAAAAAAAAAAAAAAAAAAAAAAAAAAA/////wAAAAAAAAAAAAAAAAABAAIAAAogY3UAAAAAAAAAAAAAAAAAA0xJVAAAAgDMLzpVc2VyczplZ29yOnRoZXNpczpMSVQ60JvRg9C60LDQvdC40L0g0JIu0J0uLCDQkdGD0YHQu9Cw0LXQsiDQkC7Qny4sINCi0YDQvtGE0LjQvNC10L3QutC+INCuLtCSLiwg0K/RiNC40L3QsCDQnC7Qki4gLSDQkNCy0YLQvtGC0YDQsNC90YHQv9C+0YDRgtC90YvQtSDQv9C+0YLQvtC60Lgg0Lgg0L7QutGA0YPQttCw0Y7RidCw0Y8g0YHRgNC10LTQsC5kanZ1AA4A1ABpBBsEQwQ6BDAEPQQ4BD0AIAQSAC4EHQAuACwAIAQRBEMEQQQ7BDAENQQyACAEEAAuBB8ALgAsACAEIgRABD4ERAQ4BDwENQQ9BDoEPgAgBC4ALgQSAC4ALAAgBC8ESAQ4BD0EMAAgBBwALgQSAC4AIAAtACAEEAQyBEIEPgRCBEAEMAQ9BEEEPwQ+BEAEQgQ9BEsENQAgBD8EPgRCBD4EOgQ4ACAEOAAgBD4EOgRABEMENgQwBE4ESQQwBE8AIARBBEAENQQ0BDAALgBkAGoAdgB1AA8ACAADAE0AYQBjABIAylVzZXJzL2Vnb3IvdGhlc2lzL0xJVC/Qm9GD0LrQsNC90LjQvSDQki7QnS4sINCR0YPRgdC70LDQtdCyINCQLtCfLiwg0KLRgNC+0YTQuNC80LXQvdC60L4g0K4u0JIuLCDQr9GI0LjQvdCwINCcLtCSLiAtINCQ0LLRgtC+0YLRgNCw0L3RgdC/0L7RgNGC0L3Ri9C1INC/0L7RgtC+0LrQuCDQuCDQvtC60YDRg9C20LDRjtGJ0LDRjyDRgdGA0LXQtNCwLmRqdnUAEwABLwAAFQACAAv//wAAAAgADQAaACQBBwAAAAAAAAIBAAAAAAAAAAUAAAAAAAAAAAAAAAAAAAQ7},
	Bdsk-Url-1 = {http://gen.lib.rus.ec/book/index.php?md5=c8600a9774583250a5730028e60c615e}}

@book{rough1,
	Author = {Tim Roughgarden},
	Date-Added = {2020-04-20 17:08:38 +0300},
	Date-Modified = {2020-04-20 17:18:47 +0300},
	Isbn = {0262182432,9780262182430},
	Publisher = {The MIT Press},
	Title = {Selfish Routing and the Price of Anarchy},
	Url = {http://gen.lib.rus.ec/book/index.php?md5=87cdf47f021694db022c539b125fb732},
	Year = {2005},
	Bdsk-File-1 = {YnBsaXN0MDDSAQIDBFxyZWxhdGl2ZVBhdGhZYWxpYXNEYXRhXxBaLi4vTElUL1RpbSBSb3VnaGdhcmRlbiAtIFNlbGZpc2ggUm91dGluZyBhbmQgdGhlIFByaWNlIG9mIEFuYXJjaHktVGhlIE1JVCBQcmVzcyAoMjAwNSkucGRmTxECRAAAAAACRAACAAADTWFjAAAAAAAAAAAAAAAAAAAAAAAAAAAAAAAAAAAAAEJEAAH/////H1RpbSBSb3VnaGdhcmRlbiAtICNGRkZGRkZGRi5wZGYAAAAAAAAAAAAAAAAAAAAAAAAAAAAAAAAAAAAAAAAAAP////8AAAAAAAAAAAAAAAAAAQACAAAKIGN1AAAAAAAAAAAAAAAAAANMSVQAAAIAay86VXNlcnM6ZWdvcjp0aGVzaXM6TElUOlRpbSBSb3VnaGdhcmRlbiAtIFNlbGZpc2ggUm91dGluZyBhbmQgdGhlIFByaWNlIG9mIEFuYXJjaHktVGhlIE1JVCBQcmVzcyAoMjAwNSkucGRmAAAOAKgAUwBUAGkAbQAgAFIAbwB1AGcAaABnAGEAcgBkAGUAbgAgAC0AIABTAGUAbABmAGkAcwBoACAAUgBvAHUAdABpAG4AZwAgAGEAbgBkACAAdABoAGUAIABQAHIAaQBjAGUAIABvAGYAIABBAG4AYQByAGMAaAB5AC0AVABoAGUAIABNAEkAVAAgAFAAcgBlAHMAcwAgACgAMgAwADAANQApAC4AcABkAGYADwAIAAMATQBhAGMAEgBpVXNlcnMvZWdvci90aGVzaXMvTElUL1RpbSBSb3VnaGdhcmRlbiAtIFNlbGZpc2ggUm91dGluZyBhbmQgdGhlIFByaWNlIG9mIEFuYXJjaHktVGhlIE1JVCBQcmVzcyAoMjAwNSkucGRmAAATAAEvAAAVAAIAC///AAAACAANABoAJACBAAAAAAAAAgEAAAAAAAAABQAAAAAAAAAAAAAAAAAAAsk=},
	Bdsk-Url-1 = {http://gen.lib.rus.ec/book/index.php?md5=87cdf47f021694db022c539b125fb732}}

@electronic{daao,
	Author = {Daron Acemoglu and Asu Ozdaglar},
	Date-Added = {2020-04-19 14:07:24 +0300},
	Date-Modified = {2020-04-19 14:08:16 +0300},
	Title = {6.207/14.15: Networks Lecture 12: Applications of Game Theory to Networks}}

@electronic{nwd,
	Author = {Dario Paccagnan and Basilio Gentile and Francesca Parise and Maryam Kamgarpour and John Lygeros},
	Date-Added = {2020-04-19 14:05:03 +0300},
	Date-Modified = {2020-04-19 14:06:20 +0300},
	Title = {Nash and Wardrop equilibria in aggregative games with coupling constraints},
	Urldate = {https://arxiv.org/pdf/1702.08789.pdf}}

@article{Rapoport,
	Author = {A. Rapoport and T. Kugler and S. Dugar and E. J. Gisches},
	Date-Added = {2020-04-19 14:01:40 +0300},
	Date-Modified = {2020-04-19 14:03:31 +0300},
	Journal = {Games and Economic Behavior},
	Number = {65},
	Title = {Choice of routes in congested traffic networks: Experimental tests of the Braess Paradox},
	Year = {2009}}

@book{rough,
	Author = {T. Roughgarden},
	Date-Added = {2020-04-19 12:53:02 +0300},
	Date-Modified = {2020-04-19 12:53:56 +0300},
	Publisher = {MIT Press, Cambridge, MA},
	Title = {The Price of Anarchy},
	Year = {2005}}

@electronic{GandN,
	Author = {Matthew O. Jackson and Yves Zenou},
	Date-Added = {2020-04-19 12:50:15 +0300},
	Date-Modified = {2020-04-23 14:08:55 +0300},
	Title = {Games on Networks},
	Urldate = {https://web.stanford.edu/~jacksonm/GamesNetworks.pdf},
	Year = {2014},
	Bdsk-File-1 = {YnBsaXN0MDDSAQIDBFxyZWxhdGl2ZVBhdGhZYWxpYXNEYXRhXxAYLi4vTElUL0dhbWVzTmV0d29ya3MucGRmTxEBPAAAAAABPAACAAADTWFjAAAAAAAAAAAAAAAAAAAAAAAAAAAAAAAAAAAAAEJEAAH/////EUdhbWVzTmV0d29ya3MucGRmAAAAAAAAAAAAAAAAAAAAAAAAAAAAAAAAAAAAAAAAAAAAAAAAAAAAAAAAAAAAAP////8AAAAAAAAAAAAAAAAAAQACAAAKIGN1AAAAAAAAAAAAAAAAAANMSVQAAAIAKS86VXNlcnM6ZWdvcjp0aGVzaXM6TElUOkdhbWVzTmV0d29ya3MucGRmAAAOACQAEQBHAGEAbQBlAHMATgBlAHQAdwBvAHIAawBzAC4AcABkAGYADwAIAAMATQBhAGMAEgAnVXNlcnMvZWdvci90aGVzaXMvTElUL0dhbWVzTmV0d29ya3MucGRmAAATAAEvAAAVAAIAC///AAAACAANABoAJAA/AAAAAAAAAgEAAAAAAAAABQAAAAAAAAAAAAAAAAAAAX8=}}

@book{gas,
	Address = {http://www.mou.mipt.ru/gasnikov1129.pdf},
	Author = {А.В. Гасников and С.Л.Кленов and Е.А.Нурминский and Я. А. Холодов and Н. Б. Шамрай},
	Date-Added = {2020-04-19 12:44:59 +0300},
	Date-Modified = {2020-04-20 17:22:49 +0300},
	Editor = {А. В. Гасников},
	Publisher = {МЦНМО},
	Title = {Введение в математическое моделирование транспортных потоков},
	Year = {2013},
	Bdsk-File-1 = {YnBsaXN0MDDSAQIDBFxyZWxhdGl2ZVBhdGhZYWxpYXNEYXRhXxAXLi4vTElUL2dhc25pa292MTEyOS5wZGZPEQE2AAAAAAE2AAIAAANNYWMAAAAAAAAAAAAAAAAAAAAAAAAAAAAAAAAAAAAAQkQAAf////8QZ2Fzbmlrb3YxMTI5LnBkZgAAAAAAAAAAAAAAAAAAAAAAAAAAAAAAAAAAAAAAAAAAAAAAAAAAAAAAAAAAAAAA/////wAAAAAAAAAAAAAAAAABAAIAAAogY3UAAAAAAAAAAAAAAAAAA0xJVAAAAgAoLzpVc2VyczplZ29yOnRoZXNpczpMSVQ6Z2Fzbmlrb3YxMTI5LnBkZgAOACIAEABnAGEAcwBuAGkAawBvAHYAMQAxADIAOQAuAHAAZABmAA8ACAADAE0AYQBjABIAJlVzZXJzL2Vnb3IvdGhlc2lzL0xJVC9nYXNuaWtvdjExMjkucGRmABMAAS8AABUAAgAL//8AAAAIAA0AGgAkAD4AAAAAAAACAQAAAAAAAAAFAAAAAAAAAAAAAAAAAAABeA==}}

@book{heifetz,
	Address = {http://gen.lib.rus.ec/book/index.php?md5=ad43ac608a4d35600255b0dc1c9bc7fb},
	Author = {Aviad Heifetz},
	Date-Added = {2020-04-19 12:41:05 +0300},
	Date-Modified = {2020-04-22 19:39:03 +0300},
	Publisher = {Cambridge University Press},
	Title = {Game Theory Interactive Strategies in Economics and Management},
	Year = {2012}}

@book{nisan,
	Author = {Noam Nisan and Tim Roughgarden and Eva Tardos and Vijay V. Vazirani},
	Date-Modified = {2020-04-20 16:45:29 +0300},
	Isbn = {78-0-521-87282-9},
	Pages = {737},
	Publisher = {Cambridge University Press},
	Title = {Algorithmic Game Theory},
	Url = {http://gen.lib.rus.ec/book/index.php?md5=0782e6ce1219ceed77a9f0158d5d354a},
	Year = {2007},
	Bdsk-File-1 = {YnBsaXN0MDDSAQIDBFxyZWxhdGl2ZVBhdGhZYWxpYXNEYXRhXxCBLi4vTElUL05vYW0gTmlzYW4sIFRpbSBSb3VnaGdhcmRlbiwgRXZhIFRhcmRvcywgVmlqYXkgVi4gVmF6aXJhbmkgLSBBbGdvcml0aG1pYyBnYW1lIHRoZW9yeS1DYW1icmlkZ2UgVW5pdmVyc2l0eSBQcmVzcyAoMjAwNykucGRmTxEC3gAAAAAC3gACAAADTWFjAAAAAAAAAAAAAAAAAAAAAAAAAAAAAAAAAAAAAEJEAAH/////H05vYW0gTmlzYW4sIFRpbSBSbyNGRkZGRkZGRi5wZGYAAAAAAAAAAAAAAAAAAAAAAAAAAAAAAAAAAAAAAAAAAP////8AAAAAAAAAAAAAAAAAAQACAAAKIGN1AAAAAAAAAAAAAAAAAANMSVQAAAIAki86VXNlcnM6ZWdvcjp0aGVzaXM6TElUOk5vYW0gTmlzYW4sIFRpbSBSb3VnaGdhcmRlbiwgRXZhIFRhcmRvcywgVmlqYXkgVi4gVmF6aXJhbmkgLSBBbGdvcml0aG1pYyBnYW1lIHRoZW9yeS1DYW1icmlkZ2UgVW5pdmVyc2l0eSBQcmVzcyAoMjAwNykucGRmAA4A9gB6AE4AbwBhAG0AIABOAGkAcwBhAG4ALAAgAFQAaQBtACAAUgBvAHUAZwBoAGcAYQByAGQAZQBuACwAIABFAHYAYQAgAFQAYQByAGQAbwBzACwAIABWAGkAagBhAHkAIABWAC4AIABWAGEAegBpAHIAYQBuAGkAIAAtACAAQQBsAGcAbwByAGkAdABoAG0AaQBjACAAZwBhAG0AZQAgAHQAaABlAG8AcgB5AC0AQwBhAG0AYgByAGkAZABnAGUAIABVAG4AaQB2AGUAcgBzAGkAdAB5ACAAUAByAGUAcwBzACAAKAAyADAAMAA3ACkALgBwAGQAZgAPAAgAAwBNAGEAYwASAJBVc2Vycy9lZ29yL3RoZXNpcy9MSVQvTm9hbSBOaXNhbiwgVGltIFJvdWdoZ2FyZGVuLCBFdmEgVGFyZG9zLCBWaWpheSBWLiBWYXppcmFuaSAtIEFsZ29yaXRobWljIGdhbWUgdGhlb3J5LUNhbWJyaWRnZSBVbml2ZXJzaXR5IFByZXNzICgyMDA3KS5wZGYAEwABLwAAFQACAAv//wAAAAgADQAaACQAqAAAAAAAAAIBAAAAAAAAAAUAAAAAAAAAAAAAAAAAAAOK},
	Bdsk-Url-1 = {http://gen.lib.rus.ec/book/index.php?md5=0782e6ce1219ceed77a9f0158d5d354a}}

@book{lesa,
	Author = {Леонидов and Савватеев},
	Date-Modified = {2020-04-19 12:43:25 +0300},
	Title = {Игры бинарного выбора}}

@comment{BibDesk Static Groups{
<?xml version="1.0" encoding="UTF-8"?>
<!DOCTYPE plist PUBLIC "-//Apple//DTD PLIST 1.0//EN" "http://www.apple.com/DTDs/PropertyList-1.0.dtd">
<plist version="1.0">
<array>
	<dict>
		<key>group name</key>
		<string>Group</string>
		<key>keys</key>
		<string>book:1184832</string>
	</dict>
</array>
</plist>
}}

@comment{BibDesk URL Groups{
<?xml version="1.0" encoding="UTF-8"?>
<!DOCTYPE plist PUBLIC "-//Apple//DTD PLIST 1.0//EN" "http://www.apple.com/DTDs/PropertyList-1.0.dtd">
<plist version="1.0">
<array>
	<dict>
		<key>URL</key>
		<string>https://lk</string>
		<key>group name</key>
		<string></string>
	</dict>
</array>
</plist>
}}
